@article{Bartlett_2020,
   title={Benign overfitting in linear regression},
   volume={117},
   ISSN={1091-6490},
   url={http://dx.doi.org/10.1073/pnas.1907378117},
   DOI={10.1073/pnas.1907378117},
   number={48},
   journal={Proceedings of the National Academy of Sciences},
   publisher={Proceedings of the National Academy of Sciences},
   author={Bartlett, Peter L. and Long, Philip M. and Lugosi, Gábor and Tsigler, Alexander},
   year={2020},
   month=apr, pages={30063–30070} }

@misc{frei2023benignoverfittinglinearityneural,
      title={Benign Overfitting without Linearity: Neural Network Classifiers Trained by Gradient Descent for Noisy Linear Data}, 
      author={Spencer Frei and Niladri S. Chatterji and Peter L. Bartlett},
      year={2023},
      eprint={2202.05928},
      archivePrefix={arXiv},
      primaryClass={cs.LG},
      url={https://arxiv.org/abs/2202.05928}, 
}

@misc{zhang2017understandingdeeplearningrequires,
      title={Understanding deep learning requires rethinking generalization}, 
      author={Chiyuan Zhang and Samy Bengio and Moritz Hardt and Benjamin Recht and Oriol Vinyals},
      year={2017},
      eprint={1611.03530},
      archivePrefix={arXiv},
      primaryClass={cs.LG},
      url={https://arxiv.org/abs/1611.03530}, 
}

@misc{chatterji2021finitesampleanalysisinterpolatinglinear,
      title={Finite-sample Analysis of Interpolating Linear Classifiers in the Overparameterized Regime}, 
      author={Niladri S. Chatterji and Philip M. Long},
      year={2021},
      eprint={2004.12019},
      archivePrefix={arXiv},
      primaryClass={stat.ML},
      url={https://arxiv.org/abs/2004.12019}, 
}

@misc{muthukumar2021classificationvsregressionoverparameterized,
      title={Classification vs regression in overparameterized regimes: Does the loss function matter?}, 
      author={Vidya Muthukumar and Adhyyan Narang and Vignesh Subramanian and Mikhail Belkin and Daniel Hsu and Anant Sahai},
      year={2021},
      eprint={2005.08054},
      archivePrefix={arXiv},
      primaryClass={cs.LG},
      url={https://arxiv.org/abs/2005.08054}, 
}

@misc{wen2023benignoverfittingclassificationprovably,
      title={Benign Overfitting in Classification: Provably Counter Label Noise with Larger Models}, 
      author={Kaiyue Wen and Jiaye Teng and Jingzhao Zhang},
      year={2023},
      eprint={2206.00501},
      archivePrefix={arXiv},
      primaryClass={cs.LG},
      url={https://arxiv.org/abs/2206.00501}, 
}

@misc{bartlett2021deeplearningstatisticalviewpoint,
      title={Deep learning: a statistical viewpoint}, 
      author={Peter L. Bartlett and Andrea Montanari and Alexander Rakhlin},
      year={2021},
      eprint={2103.09177},
      archivePrefix={arXiv},
      primaryClass={math.ST},
      url={https://arxiv.org/abs/2103.09177}, 
}

@inproceedings{Page1999ThePC,
  title={The PageRank Citation Ranking : Bringing Order to the Web},
  author={Lawrence Page and Sergey Brin and Rajeev Motwani and Terry Winograd},
  booktitle={The Web Conference},
  year={1999},
  url={https://api.semanticscholar.org/CorpusID:1508503}
}