@inproceedings{Page1999ThePC,
  title={The PageRank Citation Ranking : Bringing Order to the Web},
  author={Lawrence Page and Sergey Brin and Rajeev Motwani and Terry Winograd},
  booktitle={The Web Conference},
  year={1999},
  url={https://api.semanticscholar.org/CorpusID:1508503}
}